<record><leader>00000cas a22000007a 4500</leader><controlfield tag="001">12275357</controlfield><controlfield tag="008">850717d19381951iauwr ne      0    0eng d</controlfield><datafield ind1=" " ind2=" " tag="010"><subfield code="a">sn 85050831 </subfield></datafield><datafield ind1=" " ind2=" " tag="040"><subfield code="a">INP</subfield><subfield code="b">eng</subfield><subfield code="c">INP</subfield><subfield code="d">OCLCQ</subfield></datafield><datafield ind1=" " ind2=" " tag="042"><subfield code="a">msc</subfield></datafield><datafield ind1="0" ind2="4" tag="245"><subfield code="a">The Randall review.</subfield></datafield><datafield ind1=" " ind2=" " tag="260"><subfield code="a">Randall, Iowa :</subfield><subfield code="b">[s.n.],</subfield><subfield code="c">-1951.</subfield></datafield><datafield ind1=" " ind2=" " tag="300"><subfield code="a">v. :</subfield><subfield code="b">ill.</subfield></datafield><datafield ind1=" " ind2=" " tag="310"><subfield code="a">Weekly</subfield></datafield><datafield ind1="0" ind2=" " tag="362"><subfield code="a">-v. 14, no. 13 (Nov. 29, 1951).</subfield></datafield><datafield ind1="1" ind2=" " tag="362"><subfield code="a">Began in Nov.? 1938.</subfield><subfield code="z">Cf. Bibl. of Iowa newspapers.</subfield></datafield><datafield ind1=" " ind2=" " tag="500"><subfield code="a">Publisher: Mr. and Mrs. Verne F. Goeldner, Sept. 20-Nov. 29, 1951.</subfield></datafield><datafield ind1=" " ind2=" " tag="500"><subfield code="a">Editor: Leslie K. Hanson, &lt;July 4, 1940&gt;-Sept. 13, 1951.</subfield></datafield><datafield ind1=" " ind2=" " tag="515"><subfield code="a">Number designation omitted in v. 14, no. 13 (Nov. 29, 1951).</subfield></datafield><datafield ind1=" " ind2=" " tag="588"><subfield code="a">Description based on: Vol. 2, no. 44 (July 4, 1940).</subfield></datafield><datafield ind1=" " ind2=" " tag="752"><subfield code="a">United States</subfield><subfield code="b">Iowa</subfield><subfield code="c">Hamilton</subfield><subfield code="d">Randall.</subfield></datafield><datafield ind1="0" ind2="4" tag="785"><subfield code="t">Ellsworth news (Ellsworth, Iowa : 1916)</subfield><subfield code="w">(DLC)sn 85050926</subfield><subfield code="g">Dec. 5, 1951</subfield></datafield></record>